@article{khokhar1993heterogeneous,
  title={Heterogeneous Computing: Challenges and opportunities},
  author={Khokhar, Ashfaq A and Prasanna, Viktor K and Shaaban, Muhammad E and Wang, Cho-Li},
  journal={Computer},
  volume={26},
  number={6},
  pages={18--27},
  year={1993},
  publisher={IEEE Computer Society}
}

@online{cassandrawebsite,
    author    = "Cassandra",
    title     = "Apache Cassandra",
    url       = "http://cassandra.apache.org/",
    keywords  = "cassandra"
}

@online{datastaxwebsite,
    author    = "Datastax",
    title     = "Getting Started with Apache Spark and Cassandra",
    url       = "http://planetcassandra.org/getting-started-with-apache-spark-and-cassandra/",
    keywords  = "cassandra,datastax"
}

@online{jetsonwebsite,
    author    = "nVidia",
    title     = "The World's First Embedded Supercomputer",
    url       = "http://www.nvidia.com/object/jetson-tk1-embedded-dev-kit.html",
    keywords  = "nvidia,jetson tk1,supercomputer"
}


@online{khronoswebsite,
    author    = "Khronos",
    title     = "OpenCL",
    url       = "https://www.khronos.org/opencl",
    keywords  = "opencL"
}

@article{aldinucci2011fastflow,
  title={FastFlow: high-level and efficient streaming on multi-core.(A FastFlow short tutorial)},
  author={Aldinucci, Marco and Danelutto, Marco and Kilpatrick, Peter and Torquati, Massimo},
  journal={Programming multi-core and many-core computing systems, parallel and distributed computing},
  year={2011},
  publisher={Citeseer}
}

@online{cudawebsite,
    author    = "nVidia",
    title     = "CUDA Toolkit",
    url       = "https://developer.nvidia.com/cuda-toolkit",
    keywords  = "nvidia,cuda"
}

@article{khronos18opencl,
  title={The OpenCL Specification, version 1.2, 15 November 2011},
  author={Khronos OpenCL Working Group and others},
  journal={Cited on pages},
  volume={18},
  number={7},
  pages={30}
}

@article{shagrithaya2012enabling,
  title={Enabling Development of OpenCL Applications on FPGA platforms},
  author={Shagrithaya, Kavya Subraya},
  year={2012},
  publisher={Virginia Tech}
}

@article{hintjens2011omq,
  title={{\O}mq-the guide},
  author={Hintjens, Pieter},
  journal={Online: http://zguide. zeromq. org/page: all, Accessed on},
  volume={23},
  year={2011}
}

@inproceedings{wu2014heterogeneous,
  title={A heterogeneous platform with GPU and FPGA for power efficient high performance computing},
  author={Wu, Qiang and Ha, Yajun and Kumar, Akash and Luo, Shaobo and Li, Ang and Mohamed, Shihab},
  booktitle={Integrated Circuits (ISIC), 2014 14th International Symposium on},
  pages={220--223},
  year={2014},
  organization={IEEE}
}

@misc{incubatorspark,
  title={Spark: Lightning-fast cluster computing, 2013},
  author={Incubator, Apache}
}

@article{stone2010opencl,
  title={OpenCL: A parallel programming standard for heterogeneous computing systems},
  author={Stone, John E and Gohara, David and Shi, Guochun},
  journal={Computing in science \& engineering},
  volume={12},
  number={1-3},
  pages={66--73},
  year={2010},
  publisher={Institute of Electrical and Electronics Engineers, Inc.,| y USA United States}
}

@inproceedings{mattson2008programming,
  title={Programming the Intel 80-core network-on-a-chip terascale processor},
  author={Mattson, Timothy G and Van der Wijngaart, Rob and Frumkin, Michael},
  booktitle={Proceedings of the 2008 ACM/IEEE conference on Supercomputing},
  pages={38},
  year={2008},
  organization={IEEE Press}
}

@article{ajima2009tofu,
  title={Tofu: A 6D mesh/torus interconnect for exascale computers},
  author={Ajima, Yuichiro and Sumimoto, Shinji and Shimizu, Toshiyuki},
  journal={Computer},
  number={11},
  pages={36--40},
  year={2009},
  publisher={IEEE}
}
