@book{sterling2002beowulf,
  title={Beowulf cluster computing with Linux},
  author={Sterling, Thomas Lawrence},
  year={2002},
  publisher={MIT press}
}
@article{george2005lean,
  title={The lean six sigma pocket toolbook},
  author={George, Michael and Rowlands, David and Price, Mark and Maxey, John},
  year={2005},
  publisher={McGraw-Hill}
}
@book{black2003lean,
  title={Lean manufacturing systems and cell design},
  author={Black, J Temple and Hunter, Steve L},
  year={2003},
  publisher={Society of Manufacturing Engineers}
}
@book{cheng1996just,
  title={Just-in-time manufacturing: an introduction},
  author={Cheng, TC and Podolsky, Susan},
  year={1996},
  publisher={Springer Science \& Business Media}
}
@article{aldinucci2009fastflow,
  title={FastFlow: Efficient parallel streaming applications on multi-core},
  author={Aldinucci, Marco and Torquati, Massimo and Meneghin, Massimiliano},
  journal={arXiv preprint arXiv:0909.1187},
  year={2009}
}
@article{hintjens2011omq,
  title={{\O}mq-the guide},
  author={Hintjens, Pieter},
  journal={Online: http://zguide. zeromq. org/page: all, Accessed on},
  volume={23},
  year={2011}
}
@book{snir1998mpi,
  title={MPI--the Complete Reference: The MPI core},
  author={Snir, Marc},
  volume={1},
  year={1998},
  publisher={MIT press}
}