@inproceedings{ortega2013combining,
  title={Combining R and Python for scientific computing},
  author={Ortega, Felipe and Moguerza, Javier M and Cano, Emilio L},
  booktitle={The R User Conference, useR! 2013 July 10-12 2013 University of Castilla-La Mancha, Albacete, Spain},
  volume={10},
  number={30},
  pages={92},
  year={2013}
}
@article{bergman2008exascale,
  title={Exascale computing study: Technology challenges in achieving exascale systems},
  author={Bergman, Keren and Borkar, Shekhar and Campbell, Dan and Carlson, William and Dally, William and Denneau, Monty and Franzon, Paul and Harrod, William and Hill, Kerry and Hiller, Jon and others},
  journal={Defense Advanced Research Projects Agency Information Processing Techniques Office (DARPA IPTO), Tech. Rep},
  volume={15},
  year={2008}
}
@article{o2013artificial,
  title={Artificial intelligence and big data},
  author={O'Leary, Daniel E},
  journal={IEEE Intelligent Systems},
  number={2},
  pages={96--99},
  year={2013},
  publisher={IEEE}
}
@article{stone2010opencl,
  title={OpenCL: A parallel programming standard for heterogeneous computing systems},
  author={Stone, John E and Gohara, David and Shi, Guochun},
  journal={Computing in science \& engineering},
  volume={12},
  number={1-3},
  pages={66--73},
  year={2010},
  publisher={Institute of Electrical and Electronics Engineers, Inc.,| y USA United States}
}
@inproceedings{malcolm2012arrayfire,
  title={ArrayFire: a GPU acceleration platform},
  author={Malcolm, James and Yalamanchili, Pavan and McClanahan, Chris and Venugopalakrishnan, Vishwanath and Patel, Krunal and Melonakos, John},
  booktitle={SPIE Defense, Security, and Sensing},
  pages={84030A--84030A},
  year={2012},
  organization={International Society for Optics and Photonics}
}
@misc{team2000r,
  title={R Language Definition},
  author={Team, R Core},
  year={2000},
  publisher={Available from CRAN sites}
}
@article{hintjens2011omq,
  title={{\O}mq-the guide},
  author={Hintjens, Pieter},
  journal={Online: http://zguide. zeromq. org/page: all, Accessed on},
  volume={23},
  year={2011}
}
@inproceedings{tanase2014highly,
  title={A Highly Efficient Runtime and Graph Library for Large Scale Graph Analytics},
  author={Tanase, Ilie and Xia, Yinglong and Nai, Lifeng and Liu, Yanbin and Tan, Wei and Crawford, Jason and Lin, Ching-Yung},
  booktitle={Proceedings of Workshop on GRAph Data management Experiences and Systems},
  pages={1--6},
  year={2014},
  organization={ACM}
}
@incollection{mishra2014titan,
  title={Titan Graph Databases with Cassandra},
  author={Mishra, Vivek},
  booktitle={Beginning Apache Cassandra Development},
  pages={123--151},
  year={2014},
  publisher={Springer}
}
@book{feld2000lean,
  title={Lean manufacturing: tools, techniques, and how to use them},
  author={Feld, William M},
  year={2000},
  publisher={CRC Press}
}